
@misc {WhatIsBlockchain,
    url = {https://www.ibm.com/topics/what-is-blockchain},
    year = {},
    title = {What is Blockchain Technology?},
    author = {{IBM}},
}

@misc {IsBitcoinEthical,
    url = {https://www.business.rutgers.edu/business-insights/bitcoin-ethical-currency-not-according-professors-new-research},
    year = {2018},
    title = {Is bitcoin an ethical currency? Not according to professor's new research},
    author = {{Rutgers Business School Newark and New Brunswick}}
}

@misc {TrackingStolenCrypto,
    url = {https://www.washingtonpost.com/technology/2021/09/22/stolen-crypto/},
    year = {2021},
    title = {Tracking stolen crypto is a booming business: How blockchain sleuths recover digital loot},
    author = {{Dalvin Brown}}
}

@misc {RiskOfMachineLearningBias,
    url = {https://sloanreview.mit.edu/article/the-risk-of-machine-learning-bias-and-how-to-prevent-it/},
    year = {2018},
    title = {The Risk of Machine-Learning Bias (And How to Prevent It)},
    author = {{Chris DeBrusk}}
}

@misc {LimitsOfEthicalInvesting,
    url = {https://www.npr.org/2022/01/11/1072207126/ethical-investing-with-esg-funds},
    year = {2022},
    title = {Understanding the promises and limits of ethical investing},
    author = {{Lauren Migaki}, {Andee Tagle}}
}

@misc {ShrinkingDLCarbonFootprint,
    url = {https://news.mit.edu/2020/shrinking-deep-learning-carbon-footprint-0807},
    year = {2020},
    title = {Shrinking deep learning's carbon footprint},
    author = {{Kim Martineau}}
}

@misc {BitcoinImpactOnClimate,
    url = {https://news.climate.columbia.edu/2021/09/20/bitcoins-impacts-on-climate-and-the-environment/},
    year = {2021},
    title = {Bitcoin's Impacts on Climate and the Environment},
    author = {{Renee Cho}}
}
